@book{newton,
  author    = {Isaac Newton},
  title     = {Philosophiae Naturalis Principia Mathematica},
  year      = {1687},
  publisher = {Royal Society of London},
  note      = {Translated by I.\ Bernard Cohen and Anne Whitman in 1999}
}

@book{gafori,
  author    = {Haleh Liza Gafori},
  title     = {Gold: Rumi},
  year      = {2022},
  publisher = {New York Review Books},
  isbn      = {9781681375333},
  url       = {https://www.amazon.com/Gold-Rumi/dp/1681375338}
}

@book{bradway,
  author    = {Geoffrey Bradway and Amanda Ngo},
  title     = {Principia Mathematica II: Electric Bugaloo},
  year      = {2025},
  publisher = {https://www.archive.org},
  url       = {https://www.amazon.com/Gold-Rumi/dp/1681375338}}
}

@book{guna,
  author    = {Bhante Henepola Gunaratana},
  title     = {Mindfulness in Plain English},
  year      = {1991},
  publisher = {Wisdom Publications},
}

@book{bhavana,
  author    = {Bhante Henepola G},
  title     = {Bhavana Society},
  url       = {https://bhavana-society.github.io/}
}
@book{teapot,
  author    = {University of Utah},
  title     = {Utah Tea Pot},
  url       = {https://users.cs.utah.edu/~dejohnso/models/teapot.html}
}

@book{sicp,
  author    = {Harold Abelson and Gerald Jay Sussman and Julie Sussman},
  title     = {Structure and Interpretation of Computer Programs},
  publisher = {MIT Press},
  year      = {1996},
  edition   = {2nd},
  isbn      = {9780262510875},
  url       = {https://mitpress.mit.edu/sites/default/files/sicp/full-text/book/book.html},
  note      = {Commonly referred to as "The Wizard Book"}
}
@book{dragon,
  author    = {Alfred V. Aho and Monica S. Lam and Ravi Sethi and Jeffrey D. Ullman},
  title     = {Compilers: Principles, Techniques, and Tools},
  publisher = {Pearson},
  year      = {2006},
  edition   = {2nd},
  isbn      = {9780321486813},
  note      = {Commonly referred to as "The Dragon Book"}
}

@book{davar,
  author    = {Davar Khoshnevisan},
  title     = {Graduate Studies in Mathematics},
  publisher = {American Mathematical Society},
  address   = {Providence, RI},
  year      = {2007},
  note      = {Hardback Edition}
}

@book{green,
  author    = {John Green},
  title     = {The Anthropocene Reviewed: Essays on a Human-Centered Planet},
  publisher = {Dutton},
  year      = {2021},
  isbn      = {9780525555216},
  url       = {https://www.penguinrandomhouse.com/books/623940/the-anthropocene-reviewed-by-john-green/},
  note      = {A collection of essays reviewing facets of the human experience in the Anthropocene era}
}

@misc{yale,
  author       = {Yale University},
  title        = {Yale University},
  year         = {2025},
  url          = {https://www.yale.edu},
  note         = {Accessed: 2025-01-12}
}
@misc{mit,
  author       = {Massachusetts Institute of Technology},
  title        = {MIT - Massachusetts Institute of Technology},
  year         = {2025},
  url          = {https://www.mit.edu},
  note         = {Accessed: 2025-01-12}
}
@misc{berkeley,
  author       = {University of California, Berkeley},
  title        = {UC Berkeley - University of California, Berkeley},
  year         = {2025},
  url          = {https://www.berkeley.edu},
  note         = {Accessed: 2025-01-12}
}

@misc{utah,
  author       = {University of Utah},
  title        = {University of Utah},
  year         = {2025},
  url          = {https://www.utah.edu},
  note         = {Accessed: 2025-01-12}
}

@misc{tmc,
  author       = "{Tathagata Meditation Center}",
  title        = "{Tathagata Meditation Center}",
  year         = "n.d.",
  url          = "https://www.tathagata.org/",
  note         = "Accessed: 2025-01-12"
}

@misc{vetro,
  author       = "{Vetro Editions}",
  title        = "{Vetro Editions}",
  year         = "n.d.",
  url          = "https://vetroeditions.com/",
  note         = "Accessed: 2025-01-12"
}

@online{eulerarchive,
  author       = {Dominic Klyve, Lee Stemkoski},
  title        = {The Euler Archive},
  year         = {2025},
  url          = {http://eulerarchive.maa.org/},
  note         = {Accessed: 2025-01-12},
}

@misc{oxman,
  author       = {Neri Oxman},
  title        = {Vespers: Series I-V (The Death Masks)},
  year         = {2016},
  institution  = {Mediated Matter Group},
  note         = {Exhibited at the Museum of Modern Art (MoMA), New York, NY},
  url          = {https://www.media.mit.edu/projects/vespers/overview/}
}
