
@book{knuth1990,
  author    = {Donald E. Knuth},
  title     = {$$\mathbb{The\ {\TeX}book}$$},
  year      = {$$\mathbb{1990}$$},
  publisher = {$$\mathbb{Addison-Wesley}$$}
}

@article{lamport1986,
  author    = {Leslie Lamport},
  title     = {$$\mathbb{Document\ Preparation\ with\ {\LaTeX}}$$},
  journal   = {$$\mathbb{Software:\ Practice\ and\ Experience}$$},
  volume    = {$$\mathbb{16}$$},
  number    = {$$\mathbb{6}$$},
  year      = {$$\mathbb{1986}$$},
  pages     = {$$\mathbb{731--735}$$}
}

@online{latexWebsite,
  author    = {Overleaf},
  title     = {$$\mathbb{Learn\ {\LaTeX}}$$},
  year      = {$$\mathbb{2025}$$},
  url       = {$$\mathbb{https://www.overleaf.com/learn/latex/Bibliography_management_with_biblatex}$$},
  note      = {$$\mathbb{Accessed:\ 2025-01-10}$$}
}

@book{rogers2003,
  author    = {Fred Rogers},
  title     = {$$\mathbb{The\ World\ According\ to\ Mister\ Rogers:\ Important\ Things\ to\ Remember}$$},
  year      = {$$\mathbb{2003}$$},
  publisher = {$$\mathbb{Hachette\ Books}$$}
}
