\documentclass{article}
\usepackage{amsmath}  % For math mode
\usepackage{amssymb}  % For \mathbb{}
\usepackage{biblatex} % For bibliography management (if you're using biblatex)
\addbibresource{references.bib} % Link your .bib file

\begin{document}
@book{knuth1990,
  author    = {Donald E. Knuth},
  title     = {$$\mathbb{The\ {\TeX}book}$$},
  year      = {$$\mathbb{1990}$$},
  publisher = {$$\mathbb{Addison-Wesley}$$}
}

@article{lamport1986,
  author    = {Leslie Lamport},
  title     = {$$\mathbb{Document\ Preparation\ with\ {\LaTeX}}$$},
  journal   = {$$\mathbb{Software:\ Practice\ and\ Experience}$$},
  volume    = {$$\mathbb{16}$$},
  number    = {$$\mathbb{6}$$},
  year      = {$$\mathbb{1986}$$},
  pages     = {$$\mathbb{731--735}$$}
}

@online{latexWebsite,
  author    = {Overleaf},
  title     = {$$\mathbb{Learn\ {\LaTeX}}$$},
  year      = {$$\mathbb{2025}$$},
  url       = {$$\mathbb{https://www.overleaf.com/learn/latex/Bibliography_management_with_biblatex}$$},
  note      = {$$\mathbb{Accessed:\ 2025-01-10}$$}
}

@book{rogers2003,
  author    = {Fred Rogers},
  title     = {$$\mathbb{The\ World\ According\ to\ Mister\ Rogers:\ Important\ Things\ to\ Remember}$$},
  year      = {$$\mathbb{2003}$$},
  publisher = {$$\mathbb{Hachette\ Books}$$}
}

@book{gunaratana2011,
  author    = {Bhante Henepola Gunaratana},
  title     = {$$\mathbb{Mindfulness\ in\ Plain\ English}$$},
  year      = {$$\mathbb{2011}$$},
  edition   = {$$\mathbb{20th\ Anniversary\ Edition}$$},
  publisher = {$$\mathbb{Wisdom\ Publications}$$}
}

@online{bhavanaWebsite,
  author    = {Bhavana Society},
  title     = {$$\mathbb{Bhavana\ Society\ Website}$$},
  year      = {$$\mathbb{2025}$$},
  url       = {$$\mathbb{https://bhavana-society.github.io/}$$},
  note      = {$$\mathbb{A\ website\ designed\ for\ Bhante\ Gunaratana,\ featuring\ a\ sky\ with\ a\ rainbow}$$}
}

@book{newton1687,
  author    = {Isaac Newton},
  title     = {$$\mathbb{Philosophi{\ae}\ Naturalis\ Principia\ Mathematica}$$},
  year      = {$$\mathbb{1687}$$},
  publisher = {$$\mathbb{Royal\ Society\ of\ London}$$},
  note      = {$$\mathbb{Translated\ by\ I.\ Bernard\ Cohen\ and\ Anne\ Whitman\ in\ 1999}$$}
}

@book{gnb2025,
  author    = {Geoffrey Bradway},
  title     = {$$\mathbb{Principia\ Mathematica\ II:\ Electric\ Boogaloo}$$},
  year      = {$$\mathbb{2025}$$},
  publisher = {$$\mathbb{Your\ Publisher\ Name}$$},
  note      = {$$\mathbb{A\ groundbreaking\ work\ on\ modern\ mathematics\ and\ philosophy}$$}
}
\end{document}
